
@book{KarniadakisSherwin,
  title={Spectral/hp {E}lement {M}ethods for {C}omputational {F}luid {D}ynamics},
  author={G. Karniadakis and S. Sherwin},
  year={2013},
  edition={2nd},
  publisher={Oxford University Press},
}

@book{Nikolsky1977,
  title={A course of Mathematical Analysis, volume 2},
  year={1977},
  author={Nikolsky, S.~M.},
  publisher={MIR Publishers, Moscow}
}
